@article{Boyd11-ADMM,
  Title                    = {Distributed Optimization and Statistical Learning via the Alternating Method of Multipliers},
  Author                   = {{Boyd}, S. and {Parikh}, N. and {Chu}, E. and {Peleato}, B. and {Eckstein}, J.},
  Journal                  = {Foundations and Trends in Machine Learning},
  Year                     = {2011},
  Number                   = {1},
  Pages                    = {1-122},
  Volume                   = {3}
}
@article{Liu19-RankMinimizationForSnapshotCompressiveImaging,
  AUTHOR       = {{Liu}, Y. and {Yuan}, X. and {Suo}, J. and {Brady}, D. J. and
                  {Dai}, Q.},
  TITLE        = {Rank Minimization for Snapshot Compressive Imaging},
  JOURNALTITLE = {IEEE Trans. Pattern Analysis and Machine Intelligence},
  YEAR         = {2019},
  volume       = {41},
  number       = {12},
  doi          = {10.1109/TPAMI.2018.2873587},
  pages        = {2990-3006}
}
