@article{Llull13-CodedApertureCompressiveTemporalImaging,
  AUTHOR       = {{Llull}, P. and {Liao}, X. and {Yuan}, X. and {Yang}, J. and
                  {Kittle}, D. and {Carin}, L. and {Sapiro}, G. and {Brady}, D.
                  J.},
  TITLE        = {Coded aperture compressive temporal imaging},
  JOURNALTITLE = {Optics Express},
  YEAR         = {2013},
  volume       = {21},
  number       = {9},
  doi          = {10.1364/OE.21.010526},
  pages        = {10526-10545}
}
@article{Boyd11-ADMM,
  Title                    = {Distributed Optimization and Statistical Learning via the Alternating Method of Multipliers},
  Author                   = {{Boyd}, S. and {Parikh}, N. and {Chu}, E. and {Peleato}, B. and {Eckstein}, J.},
  Journal                  = {Foundations and Trends in Machine Learning},
  Year                     = {2011},
  Number                   = {1},
  Pages                    = {1-122},
  Volume                   = {3}
}
@article{Liu19-RankMinimizationForSnapshotCompressiveImaging,
  AUTHOR       = {{Liu}, Y. and {Yuan}, X. and {Suo}, J. and {Brady}, D. J. and
                  {Dai}, Q.},
  TITLE        = {Rank Minimization for Snapshot Compressive Imaging},
  JOURNALTITLE = {IEEE Trans. Pattern Analysis and Machine Intelligence},
  YEAR         = {2019},
  volume       = {41},
  number       = {12},
  doi          = {10.1109/TPAMI.2018.2873587},
  pages        = {2990-3006}
}
@article{Matin21-CompressiveCodedRotatingMirrorCameraForHighSpeedImaging,
  AUTHOR       = {{Matin}, A. and {Wang}, X.},
  TITLE        = {Compressive Coded Rotating Mirror Camera For High-Speed Imaging},
  JOURNALTITLE = {Photonics},
  YEAR         = {2021},
  volume       = {8},
  number       = {34},
  doi          = {10.3390/photonics8020034},
  pages        = {1-12}
}
@article{Gu17-WeightedNuclearNormMinimizationAndItsApplicationsToLowLevelVision,
  AUTHOR       = {{Gu}, S. and {Xie}, Q. and {Meng}, D. and {Zuo}, W. and {Feng}, X. and {Zhang}, L.},
  TITLE        = {Weighted Nuclear Norm Minimization And Its Applications To Low Level Vision},
  JOURNALTITLE = {Int. J. Comput. Vis.},
  YEAR         = {2017},
  volume       = {121},
  number       = {1},
  doi          = {10.1007/s11263-016-0930-5},
  pages        = {183-208}
}
@article{Halko11-FindingStructureWithRandomness,
  Title      = {Finding Structure with Randomness: Probabilistic Algorithms for Constructing
    Approximate Matrix Decompositions},
  Author     = {{Halko}, N. and {Martinsson}, P. G. and {Tropp}, J. A.},
  Journal    = {SIAM Review},
  Year       = {2011},
  Volume     = {53},
  Number     = {2},
  Pages      = {217-288}
}
@article{Candes08-EnhancingSparsityReweightedL1Minimization,
  Title                    = {Enhancing Sparsity by Reweighted $\ell_1$ Minimization},
  Author                   = {{Cand\`es}, E. and {Wakin}, M. and {Boyd}, S.},
  Journal                  = {J. Fourier Anal. Appl.},
  Year                     = {2008},
  Pages                    = {877-905},
  Volume                   = {14}
}



